<?xml version="1.0" encoding="UTF-8"?><collection xmlns="http://www.loc.gov/MARC21/slim"><record><leader>00532nam--2200193-i-4500</leader><controlfield tag="001">000030404</controlfield><controlfield tag="002">20161230</controlfield><controlfield tag="005">20161230201038</controlfield><controlfield tag="008">060222s1000------------r-----000-0-rus-d</controlfield><datafield ind1=" " ind2=" " tag="040"><subfield code="a">IFIN-HH</subfield></datafield><datafield ind1=" " ind2=" " tag="041"><subfield code="a">rus</subfield></datafield><datafield ind1=" " ind2=" " tag="080"><subfield code="a">537.53:539.2:539.12.04</subfield></datafield><datafield ind1="1" ind2=" " tag="110"><subfield code="a">Akademia Nauk Gruzinskoi SSR</subfield></datafield><datafield ind1="1" ind2="0" tag="245"><subfield code="a">Elektronnie i ionnie protessi v tverdih telah</subfield></datafield><datafield ind1=" " ind2=" " tag="260"><subfield code="a">Tbilisi</subfield><subfield code="b">Metniereba</subfield><subfield code="c">1971, 1973, 1974, 1977, 1979</subfield></datafield><datafield ind1=" " ind2=" " tag="300"><subfield code="a">6 VOLUME</subfield></datafield><datafield ind1="1" ind2=" " tag="787"><subfield code="a">Vol. X</subfield><subfield code="d">1979</subfield><subfield code="h">145p</subfield></datafield><datafield ind1=" " ind2=" " tag="852"><subfield code="a">29169</subfield><subfield code="c">539.2</subfield></datafield><datafield ind1=" " ind2=" " tag="CAT"><subfield code="a">Sys</subfield><subfield code="c">20121015</subfield><subfield code="h">133519</subfield></datafield></record></collection>